<?xml version="1.0" encoding="UTF-8"?><collection xmlns="http://www.loc.gov/MARC21/slim"><record><leader>00455nam--2200181-u-4500</leader><controlfield tag="001">000052436</controlfield><controlfield tag="002">20161230</controlfield><controlfield tag="005">20161230201050</controlfield><controlfield tag="008">100709s1000------------r-----000-0-rus-d</controlfield><datafield ind1=" " ind2=" " tag="040"><subfield code="a">IFIN-HH</subfield></datafield><datafield ind1=" " ind2=" " tag="041"><subfield code="a">rus</subfield></datafield><datafield ind1="1" ind2=" " tag="100"><subfield code="a">Sedov, L.I</subfield></datafield><datafield ind1="1" ind2="0" tag="245"><subfield code="a">Metodi podobiia i razmernosti v mehanike</subfield><subfield code="c">L.I. Sedov</subfield></datafield><datafield ind1=" " ind2=" " tag="260"><subfield code="a">Moskva</subfield><subfield code="b">Tehniko-Teoreticeskoi literaturi</subfield><subfield code="c">1951</subfield></datafield><datafield ind1=" " ind2=" " tag="300"><subfield code="a">193 p</subfield></datafield><datafield ind1=" " ind2=" " tag="490"><subfield code="a">531.7</subfield></datafield><datafield ind1=" " ind2=" " tag="852"><subfield code="a">1809</subfield></datafield><datafield ind1=" " ind2=" " tag="CAT"><subfield code="a">Sys</subfield><subfield code="c">20100709</subfield><subfield code="h">091730</subfield></datafield></record></collection>